@inproceedings{hladik2020complexity,
  title={On the Complexity of a Periodic Scheduling Problem with Precedence Relations},
  author={Hladík, Richard and Minaeva, Anna and Hanzálek, Zdeněk},
  booktitle={International Conference on Combinatorial Optimization and Applications},
  pages={107–124},
  year={2020},
  organization={Springer}
}

